% Encoding: UTF-8

@book{tanenbaumvansteen,
  title={Distributed Systems 3rd edition},
  author={Tanenbaum, Andrew S. and van Steen, Marten},
  isbn={978-90-815406-2-9},
  url={https://www.distributed-systems.net/index.php/books/ds3/},
  year={2018},
  publisher={Maarten van Steen}
}

@article{lamport,
  author = {Leslie Lamport},
  title = {Time, Clocks, and the Ordering of Events in a Distributed System},
  journal = {Communications of the ACM},
  year = {1978}
}
